<?xml version="1.0" encoding="UTF-8"?><collection xmlns="http://www.loc.gov/MARC21/slim"><record><leader>00342nam--2200121-i-4500</leader><controlfield tag="001">000033766</controlfield><controlfield tag="002">20161230</controlfield><controlfield tag="005">20161230201039</controlfield><controlfield tag="008">060222s1000------------r-----000-0-eng-d</controlfield><datafield ind1=" " ind2=" " tag="100"><subfield code="a">Martens, John H</subfield></datafield><datafield ind1=" " ind2=" " tag="245"><subfield code="a">Gray, dwight e</subfield></datafield><datafield ind1=" " ind2=" " tag="260"><subfield code="a">Radiation Monitoring In Atomic Defense</subfield></datafield><datafield ind1=" " ind2=" " tag="490"><subfield code="a">Toronto, New York, D. Van Nstrand Co., Inc., 1951. Vi+122p</subfield></datafield></record></collection>